<record><leader>00000cas a22000007a 4500</leader><controlfield tag="001">10632377</controlfield><controlfield tag="008">840416d19831993laucr ne      0   a0eng d</controlfield><datafield ind1=" " ind2=" " tag="010"><subfield code="a">sn 84009659 </subfield></datafield><datafield ind1=" " ind2=" " tag="040"><subfield code="a">NSD</subfield><subfield code="b">eng</subfield><subfield code="c">NSD</subfield><subfield code="d">LNP</subfield><subfield code="d">OCLCQ</subfield><subfield code="d">OCLCO</subfield></datafield><datafield ind1=" " ind2=" " tag="012"><subfield code="m">1</subfield></datafield><datafield ind1="1" ind2=" " tag="022"><subfield code="a">0747-1955</subfield><subfield code="l">0747-1955</subfield><subfield code="2">1</subfield></datafield><datafield ind1="1" ind2=" " tag="029"><subfield code="a">AU@</subfield><subfield code="b">000020499612</subfield></datafield><datafield ind1=" " ind2=" " tag="032"><subfield code="a">471270</subfield><subfield code="b">USPS</subfield></datafield><datafield ind1=" " ind2=" " tag="037"><subfield code="b">River Parishes Guide, U.S. Hwy. 90, P.O. Box 1199, Boutte, LA 70039</subfield></datafield><datafield ind1=" " ind2=" " tag="042"><subfield code="a">nsdp</subfield></datafield><datafield ind1=" " ind2=" " tag="043"><subfield code="a">n-us-la</subfield></datafield><datafield ind1=" " ind2="0" tag="222"><subfield code="a">River parishes guide</subfield></datafield><datafield ind1="0" ind2="0" tag="245"><subfield code="a">River parishes guide.</subfield></datafield><datafield ind1="3" ind2="0" tag="246"><subfield code="a">River parishes guide West St. Charles guide</subfield></datafield><datafield ind1=" " ind2=" " tag="260"><subfield code="a">Boutte, La. :</subfield><subfield code="b">Allen J. Lottinger</subfield></datafield><datafield ind1=" " ind2=" " tag="300"><subfield code="a">v.</subfield></datafield><datafield ind1=" " ind2=" " tag="310"><subfield code="a">Semiweekly,</subfield><subfield code="b">Sept. 4, 1983-May 30, 1993</subfield></datafield><datafield ind1=" " ind2=" " tag="321"><subfield code="a">Weekly,</subfield><subfield code="b">June 22, 1983-Aug. 31, 1983</subfield></datafield><datafield ind1="0" ind2=" " tag="362"><subfield code="a">Vol. 14, no. 44 (June 22, 1983)-v. 24, no. 78 (May 30, 1993).</subfield></datafield><datafield ind1=" " ind2=" " tag="500"><subfield code="a">Title varies slightly: River parishes guide West St. Charles guide, Nov. 24, 1983-Feb. 16, 1984.</subfield></datafield><datafield ind1=" " ind2="0" tag="651"><subfield code="a">Boutte (La.)</subfield><subfield code="v">Newspapers.</subfield></datafield><datafield ind1=" " ind2="0" tag="651"><subfield code="a">Saint Charles Parish (La.)</subfield><subfield code="v">Newspapers.</subfield></datafield><datafield ind1=" " ind2="0" tag="651"><subfield code="a">Saint John the Baptist (La.)</subfield><subfield code="v">Newspapers.</subfield></datafield><datafield ind1=" " ind2="0" tag="651"><subfield code="a">Saint James (La.)</subfield><subfield code="v">Newspapers.</subfield></datafield><datafield ind1=" " ind2=" " tag="752"><subfield code="a">United States</subfield><subfield code="b">Louisiana</subfield><subfield code="c">Saint Charles</subfield><subfield code="d">Boutte.</subfield></datafield><datafield ind1=" " ind2=" " tag="752"><subfield code="a">United States</subfield><subfield code="b">Louisiana</subfield><subfield code="c">Saint John the Baptist.</subfield></datafield><datafield ind1=" " ind2=" " tag="752"><subfield code="a">United States</subfield><subfield code="b">Louisiana</subfield><subfield code="c">Saint James.</subfield></datafield><datafield ind1="0" ind2="0" tag="780"><subfield code="t">River parishes guide and West St. Charles guide</subfield></datafield><datafield ind1="0" ind2="7" tag="785"><subfield code="t">St. Charles herald</subfield><subfield code="w">(DLC)sn 85034322</subfield></datafield><datafield ind1="0" ind2="7" tag="785"><subfield code="t">St. Charles herald-guide</subfield><subfield code="w">(OCoLC)30330547</subfield></datafield></record>